@inproceedings{clackdoyle2015consistency,
  title={Consistency of Fanbeam Projections Along an Arc of a Circle},
  author={Clackdoyle, Rolf and Defrise, Michel and Desbat, Laurent and Nuyts, Johan},
  booktitle={The 13th International Meeting on Fully Three-Dimensional Image Reconstruction in Radiology and Nuclear Medicine},
  pages={415--419},
  year={2015}
}